@inproceedings{hoover2010bio,
  title        = {Bio-inspired design and dynamic maneuverability of a minimally actuated six-legged robot},
  author       = {Hoover, Aaron M and Burden, Samuel and Fu, Xiao-Yu and Sastry, S Shankar and Fearing, Ronald S},
  booktitle    = {Biomedical Robotics and Biomechatronics (BioRob), 2010 3rd IEEE RAS and EMBS International Conference on},
  pages        = {869--876},
  year         = {2010},
  organization = {IEEE}
}

@article{park2014design,
  title     = {Design and control of a bio-inspired soft wearable robotic device for ankle--foot rehabilitation},
  author    = {Park, Yong-Lae and Chen, Bor-rong and P{\'e}rez-Arancibia, N{\'e}stor O and Young, Diana and Stirling, Leia and Wood, Robert J and Goldfield, Eugene C and Nagpal, Radhika},
  journal   = {Bioinspiration \& biomimetics},
  volume    = {9},
  number    = {1},
  pages     = {016007},
  year      = {2014},
  publisher = {IOP Publishing}
}

@misc{unesco2021ethics,
  author       = {{UNESCO}},
  title        = {Recommendation on the Ethics of Artificial Intelligence},
  year         = {2021},
  address      = {París},
  howpublished = {\url{https://unesdoc.unesco.org/ark:/48223/pf0000381137}}
}

@misc{oecd2021skills,
  author       = {{OECD}},
  title        = {AI and the Future of Skills, Volume 1: Capabilities and Assessments},
  year         = {2021},
  address      = {Paris},
  howpublished = {\url{https://www.oecd.org/en/publications/ai-and-the-future-of-skills-volume1_5ee71f34-en.html}}
}

@misc{worldbank2022revolution,
  author       = {{Banco Mundial}},
  title        = {The Revolution of AI in Education: Innovations and Opportunities in Latin America and the Caribbean},
  year         = {2022},
  address      = {Washington, DC},
  howpublished = {\url{https://profuturo.education/en/observatory/trends/the-revolution-of-ai-in-education-innovations-and-opportunities-in-latin-america-and-the-caribbean/}}
}

@misc{rivas2023future,
  author       = {Rivas, A. and Buchbinder, N. and Barrenechea, I.},
  title        = {The future of Artificial Intelligence in education in Latin America},
  year         = {2023},
  address      = {Madrid},
  publisher    = {Organización de Estados Iberoamericanos (OEI)},
  howpublished = {\url{https://oei.int/wp-content/uploads/2023/04/thefuture-of-artificial-intelligence-in-education-in-latin-america-oei-profuturo.pdf}}
}

@misc{mineduc2020cnb,
  author       = {{Ministerio de Educación de Guatemala (MINEDUC)}},
  title        = {Currículo Nacional Base (CNB)},
  year         = {2020},
  address      = {Guatemala},
  howpublished = {\url{https://digeex.mineduc.gob.gt/digeex/wp-content/uploads/2020/09/CNBModalidades-Flexibles-Basico-Etapa-1.pdf}}
}

@misc{cien2019diagnostico,
  author       = {{Centro de Investigaciones Económicas Nacionales (CIEN)}},
  title        = {Diagnóstico de Educación y Tecnología: ¿Cuáles son los principales problemas?},
  year         = {2019},
  address      = {Guatemala},
  howpublished = {\url{https://cien.org.gt/wp-content/uploads/2019/03/Resumen-ejecutivo-Educacion-VF.pdf}}
}

@misc{unesco2023monitoring,
  author       = {{UNESCO}},
  title        = {Global education monitoring report, 2023: technology in education: a tool on whose terms?},
  year         = {2023},
  address      = {París},
  howpublished = {\url{https://unesdoc.unesco.org/ark:/48223/pf0000385723}}
}

@misc{levy2025teachers,
  author       = {Levy, E. and Robano, V.},
  title        = {How AI can support teachers in Latin America},
  year         = {2025},
  publisher    = {Brookings},
  howpublished = {\url{https://www.brookings.edu/articles/how-ai-can-support-teachers-in-latin-america/}}
}

@misc{unesco2021guidance,
  author       = {{UNESCO}},
  title        = {AI and education: guidance for policy-makers},
  year         = {2021},
  address      = {París},
  howpublished = {\url{https://unesdoc.unesco.org/ark:/48223/pf0000376709}}
}

@article{frontiers2024chatgpt,
  author       = {Frontiers},
  title        = {The use of ChatGPT in teaching and learning: a systematic review through SWOT analysis approach},
  year         = {2024},
  address      = {Hanoi},
  publisher    = {Hanoi University of Science and Technology},
  howpublished = {\url{https://www.frontiersin.org/journals/education/articles/10.3389/feduc.2024.1328769/full}}
}

@misc{tulsiani2024chatgpt,
  author       = {Tulsiani, R.},
  title        = {ChatGPT And The Future Of Personalized Learning In Higher Education},
  year         = {2024},
  publisher    = {eLearning Industry},
  howpublished = {\url{https://elearningindustry.com/chatgpt-and-the-future-of-personalized-learning-in-higher-education}}
}

@misc{mineduc2023acuerdo,
  author       = {{Ministerio de Educación de Guatemala (MINEDUC)}},
  title        = {Acuerdo Ministerial MINEDUC 2810-2023},
  year         = {2023},
  address      = {Guatemala},
  howpublished = {\url{https://leyes.infile.com/index.php?id=181&id_publicacion=87539}}
}

@misc{qin2024transforming,
  author       = {Qin, H.},
  title        = {Transforming Education with Large Language Models: Opportunities, Challenges, and Ethical Considerations},
  year         = {2024},
  howpublished = {\url{https://www.researchgate.net/publication/382825702_Transforming_Education_with_Large_Language_Models_Opportunities_Challenges_and_Ethical_Considerations}}
}

@misc{cordova2025aiagents,
  author       = {Córdova, D.},
  title        = {AI-Powered Educational Agents: Opportunities, Innovations, and Ethical Challenges},
  year         = {2025},
  howpublished = {\url{https://www.mdpi.com/2078-2489/16/6/469}}
}

@article{levonian2025safechats,
  author       = {Levonian, Z. and others},
  title        = {Designing Safe and Relevant Generative Chats for Math Learning in Intelligent Tutoring Systems},
  journal      = {Journal of Educational Data Mining},
  year         = {2025},
  howpublished = {\url{https://jedm.educationaldatamining.org/index.php/JEDM/article/download/840/238}}
}

@article{elstad2024ai,
  author  = {Elstad, Eyvind},
  title   = {AI in Education: Rationale, Principles, and Instructional Implications},
  journal = {arXiv preprint},
  year    = {2024},
  volume  = {2412.12116},
  url     = {https://arxiv.org/abs/2412.12116}
}

@article{frontiers2025education,
  author  = {Frontiers in Education},
  title   = {The role of artificial intelligence in education among college instructors},
  journal = {Frontiers in Education},
  year    = {2025},
  volume  = {10},
  pages   = {1560074},
  url     = {https://www.frontiersin.org/journals/education/articles/10.3389/feduc.2025.1560074/full}
}

@misc{betterinternet2024,
  author       = {Better Internet for Kids},
  title        = {Challenges and opportunities in the European year of digital citizenship education},
  year         = {2024},
  howpublished = {\url{https://better-internet-for-kids.europa.eu/en/news/challenges-and-opportunities-european-year-digital-citizenship-education}},
  note         = {Accedido el 17 de octubre de 2025}
}

@article{carter2024ethics,
  author  = {Carter, J. and Liu, S. and Huang, M.},
  title   = {Ethical implications of ChatGPT and other large language models in academia},
  journal = {Frontiers in Artificial Intelligence},
  year    = {2024},
  volume  = {7},
  pages   = {1615761},
  doi     = {10.3389/frai.2025.1615761}
}

@article{seibt2024llm,
  author  = {Seibt, J. and Vestergaard, C.},
  title   = {Know Thyself, Improve Thyself: Personalized LLMs for Self-Knowledge and Moral Enhancement},
  journal = {Science and Engineering Ethics},
  year    = {2024},
  volume  = {30},
  pages   = {1--17},
  doi     = {10.1007/s11948-024-00518-9}
}

@article{frontiers2025psychology,
  author  = {Frontiers in Psychology},
  title   = {Optimizing academic engagement and mental health through AI: an experimental study on LLM integration in higher education},
  journal = {Frontiers in Psychology},
  year    = {2025},
  volume  = {16},
  pages   = {1641212},
  doi     = {10.3389/fpsyg.2025.1641212}
}

@book{lovat2009values,
  author    = {Terry Lovat and Ron Toomey},
  title     = {Values Education and Quality Teaching: The Double Helix Effect},
  publisher = {Springer},
  year      = {2009},
  pages     = {xi--xiv},
  isbn      = {9781402099625},
  abstract  = {Informe sobre los resultados de proyectos del Programa de Educación en Valores del gobierno australiano, mostrando que la educación en valores es esencial para una enseñanza de calidad.}
}

@misc{crittenden2007civic,
  author       = {Jack Crittenden and Peter Levine},
  title        = {Civic Education},
  year         = {2007},
  howpublished = {\url{https://plato.stanford.edu/entries/civic-education/}}
}

@book{barrett2016competences,
  author    = {Martyn D. Barrett},
  title     = {Competences for Democratic Culture: Living Together as Equals in Culturally Diverse Democratic Societies},
  publisher = {Council of Europe Publishing},
  year      = {2016},
  pages     = {35--51},
  isbn      = {9789287182371},
  abstract  = {Describe un modelo conceptual de competencias necesarias para participar eficazmente en una cultura democrática y convivir pacíficamente en sociedades diversas.}
}

@book{hand2017moral,
  author    = {Michael Hand},
  title     = {A Theory of Moral Education},
  publisher = {Routledge},
  year      = {2017},
  pages     = {46--60},
  doi       = {10.4324/9781315708508},
  isbn      = {9781315708508}
}

@book{mills2014informal,
  author    = {Sarah Mills and Peter Kraftl},
  title     = {Informal Education, Childhood and Youth: Geographies, Histories, Practices},
  publisher = {Palgrave Macmillan},
  year      = {2014},
  pages     = {3--4},
  isbn      = {9781137027733},
  abstract  = {Esta colección reúne investigaciones sobre educación informal, explorando cómo la geografía influye en las prácticas educativas no formales. Incluye estudios de caso sobre trabajo juvenil, programas musicales y tecnología educativa.}
}

@misc{Dumazedier1998,
  author = {Joffre Dumazedier},
  title  = {La montée de l'automation dans l'éducation permanente: une approche sociologique et historique (intervention dans table ronde)},
  year   = {1998}
}

@book{unesco2021global,
  author    = {UNESCO},
  title     = {Global Citizenship Education: Topics and Learning Objectives},
  year      = {2021},
  publisher = {UNESCO Publishing},
  address   = {Paris, France},
  url       = {https://unesdoc.unesco.org/ark:/48223/pf0000371139}
}

@article{torney2007civic,
  author  = {Torney-Purta, J. and Lehmann, R. and Oswald, H. and Schulz, W.},
  title   = {Civic Knowledge, Attitudes, and Engagement among Lower Secondary School Students in Twenty-eight Countries},
  journal = {International Journal of Educational Research},
  year    = {2007},
  volume  = {46},
  pages   = {204-217},
  doi     = {10.1016/j.ijer.2007.05.005}
}

@article{bentley2018education,
  author  = {Bentley, T. and Broady, D.},
  title   = {Education for Democratic Citizenship: Developing Skills and Competences in Students},
  journal = {European Journal of Education},
  year    = {2018},
  volume  = {53},
  pages   = {181--196},
  doi     = {10.1111/ejed.12271}
}

@book{coombs1968world,
  author    = {Coombs, P. H.},
  title     = {The World Educational Crisis: A Systems Analysis},
  year      = {1968},
  publisher = {Oxford University Press},
  address   = {New York, USA}
}

@book{selwyn2016education,
  author    = {Selwyn, N.},
  title     = {Education and Technology: Key Issues and Debates},
  year      = {2016},
  publisher = {Bloomsbury Academic},
  address   = {London, UK}
}

@report{unicef2019digital,
  author      = {UNICEF},
  title       = {Digital Learning for All: Bridging the Gap in Education},
  year        = {2019},
  institution = {UNICEF},
  url         = {https://www.unicef.org/reports/digital-learning-education}
}

@article{holmes2019ai,
  author  = {Holmes, W. and Bialik, M. and Fadel, C.},
  title   = {Artificial Intelligence in Education: Promises and Implications for Teaching and Learning},
  journal = {Center for Curriculum Redesign},
  year    = {2019},
  url     = {https://curriculumredesign.org/ai-in-education}
}

@article{graesser2021ai,
  author  = {Graesser, A. C. and McNamara, D. S.},
  title   = {AI-Powered Learning Technologies: Cognitive, Emotional, and Ethical Considerations},
  journal = {AI \& Society},
  year    = {2021},
  volume  = {36},
  pages   = {1--16},
  doi     = {10.1007/s00146-021-01145-3}
}

@article{van2005digital,
  author  = {Van Dijk, J. A. G. M.},
  title   = {The Deepening Divide: Inequality in the Information Society},
  journal = {Sage Publications},
  year    = {2005},
  address = {London, UK}
}

@book{warschauer2011learning,
  author    = {Warschauer, M.},
  title     = {Learning in the Cloud: Digital Tools and the Future of Education},
  year      = {2011},
  publisher = {Teachers College Press},
  address   = {New York, USA}
}

@article{brown2020language,
  author  = {Brown, T. et al.},
  title   = {Language Models are Few-Shot Learners},
  journal = {Advances in Neural Information Processing Systems},
  year    = {2020},
  volume  = {33},
  pages   = {1877--1901},
  url     = {https://arxiv.org/abs/2005.14165}
}

@article{raffel2020exploring,
  author  = {Raffel, C. et al.},
  title   = {Exploring the Limits of Transfer Learning with a Unified Text-to-Text Transformer},
  journal = {Journal of Machine Learning Research},
  year    = {2020},
  volume  = {21},
  pages   = {1--67},
  url     = {https://arxiv.org/abs/1910.10683}
}

@article{lewis2020retrieval,
  author  = {Lewis, P. et al.},
  title   = {Retrieval-Augmented Generation for Knowledge-Intensive NLP Tasks},
  journal = {Advances in Neural Information Processing Systems},
  year    = {2020},
  volume  = {33},
  pages   = {9459--9474},
  url     = {https://arxiv.org/abs/2005.11401}
}

@article{khandelwal2020generalization,
  author  = {Khandelwal, U. et al.},
  title   = {Generalization through Memorization: Nearest Neighbor Language Models},
  journal = {ICLR},
  year    = {2020},
  url     = {https://arxiv.org/abs/1911.00172}
}

@inproceedings{mikolov2013efficient,
  author    = {Mikolov, T. et al.},
  title     = {Efficient Estimation of Word Representations in Vector Space},
  booktitle = {Proceedings of ICLR},
  year      = {2013},
  url       = {https://arxiv.org/abs/1301.3781}
}

@inproceedings{le2014distributed,
  author    = {Le, Q. and Mikolov, T.},
  title     = {Distributed Representations of Sentences and Documents},
  booktitle = {Proceedings of ICML},
  year      = {2014},
  pages     = {1188--1196},
  url       = {https://arxiv.org/abs/1405.4053}
}

@inproceedings{johnson2019billion,
  author    = {Johnson, J. et al.},
  title     = {Billion-Scale Similarity Search with GPUs},
  booktitle = {IEEE Transactions on Big Data},
  year      = {2019},
  volume    = {7},
  pages     = {535--547},
  doi       = {10.1109/TBDATA.2019.2901895}
}

@article{bernhard2022vector,
  author  = {Bernhard, F. et al.},
  title   = {Vector Databases for Efficient Semantic Search in Large-Scale Information Systems},
  journal = {ACM Computing Surveys},
  year    = {2022},
  volume  = {55},
  pages   = {1--36},
  doi     = {10.1145/3512974}
}

@inproceedings{fox2020socratic,
  author    = {Fox, J. and Liu, R.},
  title     = {Socratic Dialogues with AI Tutors},
  booktitle = {Proceedings of the International Conference on Artificial Intelligence in Education},
  year      = {2020},
  pages     = {235--246},
  doi       = {10.1007/978-3-030-52240-7_22}
}

@book{woolf2010building,
  author    = {Woolf, B. P.},
  title     = {Building Intelligent Interactive Tutors: Student-Centered Strategies for Revolutionizing E-Learning},
  year      = {2010},
  publisher = {Morgan Kaufmann},
  address   = {Boston, MA, USA}
}

@article{duffy2019personalized,
  author  = {Duffy, T. and Sedrakyan, G.},
  title   = {Personalized Learning with Artificial Intelligence: Challenges and Opportunities},
  journal = {Journal of Educational Technology \& Society},
  year    = {2019},
  volume  = {22},
  number  = {2},
  pages   = {1--12}
}

@book{luckin2016intelligence,
  author    = {Luckin, R.},
  title     = {Intelligence Unleashed: An Argument for AI in Education},
  year      = {2016},
  publisher = {Pearson Education},
  address   = {London, UK}
}

@book{selwyn2019should,
  author    = {Selwyn, N.},
  title     = {Should Robots Replace Teachers? AI and the Future of Education},
  year      = {2019},
  publisher = {Polity Press},
  address   = {Cambridge, UK}
}

@article{williamson2021ethics,
  author  = {Williamson, B.},
  title   = {Ethics and Artificial Intelligence in Education},
  journal = {Learning, Media and Technology},
  year    = {2021},
  volume  = {46},
  number  = {1},
  pages   = {1--17},
  doi     = {10.1080/17439884.2021.1888736}
}

@article{jobin2019global,
  author  = {Jobin, A. et al.},
  title   = {The Global Landscape of AI Ethics Guidelines},
  journal = {Nature Machine Intelligence},
  year    = {2019},
  volume  = {1},
  pages   = {389--399},
  doi     = {10.1038/s42256-019-0088-2}
}

@article{floridi2018ai,
  author  = {Floridi, L. et al.},
  title   = {AI4People—An Ethical Framework for a Good AI Society: Opportunities, Risks, Principles, and Recommendations},
  journal = {Minds and Machines},
  year    = {2018},
  volume  = {28},
  pages   = {689--707},
  doi     = {10.1007/s11023-018-9482-5}
}

@article{mehrabi2019survey,
  author  = {Mehrabi, N. et al.},
  title   = {A Survey on Bias and Fairness in Machine Learning},
  journal = {ACM Computing Surveys},
  year    = {2019},
  volume  = {54},
  number  = {6},
  pages   = {1--35},
  doi     = {10.1145/3287560}
}

@inproceedings{binns2018fairness,
  author    = {Binns, R.},
  title     = {Fairness in Machine Learning: Lessons from Political Philosophy},
  booktitle = {Proceedings of the 2018 Conference on Fairness, Accountability, and Transparency},
  year      = {2018},
  pages     = {149--159},
  doi       = {10.1145/3287560.3287598}
}

@article{doshi2017towards,
  author  = {Doshi-Velez, F. and Kim, B.},
  title   = {Towards a Rigorous Science of Interpretable Machine Learning},
  journal = {arXiv preprint arXiv:1702.08608},
  year    = {2017}
}

@article{lipton2018mythos,
  author  = {Lipton, Z. C.},
  title   = {The Mythos of Model Interpretability},
  journal = {Communications of the ACM},
  year    = {2018},
  volume  = {61},
  number  = {10},
  pages   = {36--43},
  doi     = {10.1145/3233231}
}

@article{bretag2016contract,
  author  = {Bretag, T.},
  title   = {Contract Cheating and Assessment Design: Exploring the Influence of Assessment Types on Academic Integrity},
  journal = {Assessment \& Evaluation in Higher Education},
  year    = {2016},
  volume  = {41},
  number  = {6},
  pages   = {1001--1016},
  doi     = {10.1080/02602938.2015.1033532}
}

@article{stern2019integrity,
  author  = {Stern, E. and Rotgans, J.},
  title   = {Academic Integrity in the Age of AI: Challenges and Strategies},
  journal = {Higher Education Research \& Development},
  year    = {2019},
  volume  = {38},
  number  = {7},
  pages   = {1459--1472},
  doi     = {10.1080/07294360.2019.1625555}
}

@book{traxler2009learning,
  author    = {Traxler, J.},
  title     = {Learning in a Mobile Age},
  year      = {2009},
  publisher = {International Association for Mobile Learning},
  address   = {Birmingham, UK}
}

@article{shen2018mobile,
  author  = {Shen, L. et al.},
  title   = {Mobile Learning Applications in Education: Current Trends and Future Perspectives},
  journal = {Journal of Educational Technology \& Society},
  year    = {2018},
  volume  = {21},
  number  = {4},
  pages   = {1--14}
}

@book{tanenbaum2007distributed,
  author    = {Tanenbaum, A. S. and Van Steen, M.},
  title     = {Distributed Systems: Principles and Paradigms},
  year      = {2007},
  publisher = {Prentice Hall},
  address   = {Upper Saddle River, NJ, USA}
}

@article{hwang2011cloud,
  author  = {Hwang, K. and Li, D.},
  title   = {Trusted Cloud Computing with Secure Resources and Data Coloring},
  journal = {IEEE Internet Computing},
  year    = {2011},
  volume  = {15},
  number  = {1},
  pages   = {14--22},
  doi     = {10.1109/MIC.2011.12}
}

@book{jakewharton2017kotlin,
  author    = {Wharton, J.},
  title     = {Kotlin for Android Developers},
  year      = {2017},
  publisher = {Leanpub}
}

@inproceedings{antonio2018kotlin,
  author    = {Antonio, M.},
  title     = {Adopting Kotlin for Android Application Development},
  booktitle = {Proceedings of the International Conference on Mobile Software Engineering},
  year      = {2018},
  pages     = {45--52}
}

@book{grinberg2018flask,
  author    = {Grinberg, M.},
  title     = {Flask Web Development: Developing Web Applications with Python},
  year      = {2018},
  publisher = {O'Reilly Media}
}

@book{lutz2013learning,
  author    = {Lutz, M.},
  title     = {Learning Python},
  year      = {2013},
  publisher = {O'Reilly Media}
}

@article{stonebraker2018case,
  author  = {Stonebraker, M.},
  title   = {The Case for Specialized Database Systems},
  journal = {Communications of the ACM},
  year    = {2018},
  volume  = {61},
  number  = {9},
  pages   = {72--80},
  doi     = {10.1145/3188727}
}

@misc{openai2023api,
  author       = {OpenAI},
  title        = {OpenAI API Documentation},
  year         = {2023},
  howpublished = {\url{https://platform.openai.com/docs}}
}

@misc{google2024gemini,
  author       = {Google},
  title        = {Gemini API Documentation},
  year         = {2024},
  howpublished = {\url{https://developers.google.com/gemini}}
}
